@incollection{book:IterativeSolutionLargeLinearSystems,
title = {Chapter 3 - LINEAR STATIONARY ITERATIVE METHODS},
editor = {David M. Young},
booktitle = {Iterative Solution of Large Linear Systems},
publisher = {Academic Press},
pages = {63-105},
year = {1971},
isbn = {978-0-12-773050-9},
doi = {https://doi.org/10.1016/B978-0-12-773050-9.50011-5},
url = {https://www.sciencedirect.com/science/article/pii/B9780127730509500115},
author = {David M. Young}
}